@misc{Duarte,
	Author = {F J A Duarte},
	Title = {Aperfeiçoamento de um equipamento destinado ao ensario e estudo de amortecedores},
	Publisher = {Tese de Mestrado},
	Year = 2008
}

@misc{Dixion,
	Author = {J Dixion},
	Title = {The Shock Absorber Handbook},
	Publisher = {John Wiley e Sons},
	Year = 2008
}

@misc{Fialho,
	Author = {A B Fialho},
	Title = {Automação Pneumática: Projeto Dimensionamento e Análise de Circuito},
	Publisher = {Erica},
	Address = {São Paulo, SP},
	Year = 2003
}

@misc{Budynas,
	Author = {R G Budynas},
	Title = {Projeto de Engenharia Mecânica},
	Publisher = {7º Edição, Bookman},
	Address = {Porto Alegre, RS},
	Year = 2005
}

@misc{Facilitador,
	Author = {P Pereira and T Paula and A S Marçal},
	Title = {Entendendo Scrum para Gerenciar Projetos de Forma Ágil},
	Address = {São Paulo, SP},
	Year = 2007
}

@misc{Alexander,
	Author = {C K Alexander and M N O Sadiku},
	Title = {Fundamentos de circuitos elétricos},
	Address = {São Paulo, SP},
	Publisher = {Bookman},
	Year = 2003
}

@misc{WEGMotorEletrico,
	Author = {Motores Elétricos WEG},
	Title = {Guia de Especificação},
	URL = {www.weg.com.br},
	Year = 2016
}

@misc{Fitzgerald,
	Author = {A E Fitzgerald},
	Title = {Máquinas Elétricas},
	Publisher = {McGraw-Hill do Brasil},
	Address = {São Paulo, SP},
	Year = 1975
}

@misc{Rockwell,
	Author = {RockwellAutomation},
	Title = {Aplication basics of operation of three-phase induction Motors},
	Year = 1996
}

@misc{FitzgeraldETAL,
	Author = {A E Fitzgerald and C Kingsley and S D Umans},
	Title = {Electric machinery},
	Publisher = {6º Edition, McGraw-Hill},
	Address = {Boston},
	Year = 2003
}

@misc{Bose,
	Author = {B K Bose},
	Title = {Modern power electronics and AC drives},
	Publisher = {Upper Saddle River},
	Address = {Prentice-Hall},
	Year = 2002
}

@misc{WEGIF,
	Author = {WEGAutomação},
	Title = {Guia de Aplicação – Inversores de Frequência},
	Publisher = {2º Edição, ISA Engenharia},
	Address = {Florianópolis, SC},
	Year = 2011
}

@misc{Medeiros05,
	Author = {D M Medeiro and A N C Viana and Â J J Rezek},
	Title = {Estudo de geradores de indução na geração de energia elétrica em microcentrais hidrelétricas},
	Publisher = {Universidade Federal de Itajubá-Rev. ciênc. exatas, v. 11, n. 2, p. 9-13},
	Address = {Taubaté, SP},
	Year = 2005
}

@misc{Monteiro,
	Author = {T M Monteiro},
	Title = {Análise de gerador de indução para produção de energia elétrica a partir das ondas do mar},
	Publisher = {Projeto Final de Curso, DEE-UFRJ},
	Address = {Rio de Janeiro, RJ},
	Year = 2009
}

@misc{Pereira,
	Author = {A S M Pereira},
	Title = {Sistema de suspensão do veículo elétrico para coleta seletiva},
	Publisher = {2º Edição, ISA Engenharia},
	Year = 2012
}

@misc{Calixto,
	Author = {R O Calixto},
	Title = {Sistema supervisório para Bancada de Ensaio de Picoturbina Hidráulica Idalma},
	Publisher = {Engenharia Eletrônica, UnB},
	Address = {Brasília, DF},
	Year = 2015
}

@misc{Dias,
	Author = {V M B B Dias},
	Title = {Controlo Difuso para Suspensões Autmomóveis},
	Publisher = {Tese Doutorado},
	Year = 2015
}

@misc{DOliveira,
	Author = {F S D'Oliveira},
	Title = {Projeto de um amortecedor para protótipo de veículo fora-de-estrada},
	Publisher = {Tese de Doutorado. Universidade Federal do Rio de Janeiro},
	Address = {Rio de Janeiro, RJ},
	Year = 2014
}

@misc{Offshox,
	Author = {Offshox},
	Title = {Offshox Amortecedores Especiais},
	URL = {https://www.offlimits.com.br/blog/informativo/288-principais-diferencas-entre-amortecedores-especiais-e-convencionais.html},
	Year = 2016
}

@misc{Aseka,
	Author = {E H Aseka},
	Title = {Projeto, construção e determinação de propriedades de amortecedor viscoelástico para uso em estruturas},
	Year = 2002
}

@misc{Petrobras,
	Author = {Petrobrás},
	Title = {Óleo tipo ATF para transmissões automáticas automotivas e sistemas hidráulicos industriais},
	Publisher = {Informações Técnicas},
	Address = {Lubrax ATF 1p.},
	Year = 2000
}

@misc{Vandresen,
	Author = {M Vandresen and M F Almeira and V G Sbardelotto},
	Title = {Desenvolvimento de uma bancada de teste para amortecedores automotivos},
	Publisher = {Universidade Federal de Santa Catarina},
	Address = {Florianópolis, SC},
	Year = 2013
}

@misc{Voges,
	Author = {Voges},
	Title = {http://www.voges.com.br/catalogo/},
	Year = 2016
}

@misc{Chapman,
	Author = {S J Champman},
	Title = {Electric Machinery Fundamentals},
	Publisher = {Australia: McGraw-Hill},
	Year = 2012
}

@misc{WEG03,
	Author = {A WEG},
	Title = {Motores de indução alimentados por inversores de frequência PWM},
	Publisher = {Guia Técnico},
	URL = {www.weg.com.br},
	Year = 2016
}

@misc{NBR5410,
	Author = {ABNT5410:2004},
	Title = {Instalações elétricas de baixa tensão},
	Publisher = {ABNT NBR 5410:2004},
	URL = {http://www.iar.unicamp.br/lab/luz/ld/normas%20e%20relat%F3rios/NRs/nbr_5410.pdf},
	Year = 2016
}

@misc{WEG04,
	Author = {A WEG},
	Title = {Catálogo - Fusíveis aR e gL/gG. 2015},
	URL = {https://docente.ifrn.edu.br/giancarlosbarbosa/disciplinas/maquinas-e-acionamentos-eletricos/WEGfusiveisareglgg50009817catalogoportuguesbr.pdf},
	Year = 2015
}

@misc{Goncalez,
	Author = {F G Gonçalez},
	Title = {Estudo do motor de indução trifásico e desenvolvimento de um dispositivo de proteção efetiva de motores operando em condições anormais: rotor bloqueado e falta de fase},
	Year = 2007
}

@misc{WEG05,
	Author = {A WEG},
	Title = {Motores elétricos assíncronos e síncronos de média tensão},
	URL = {http://ecatalog.weg.net/files/wegnet/WEG-curso-dt-6-motores-eletricos-assincrono-de-alta-tensao-artigo-tecnico-portugues-br.pdf},
	Year = 2015
}

@misc{ABNT17094,
	Author = {ABNT17094:2013},
	Title = {Máquinas elétricas girantes - Motores de indução Parte 1: Trifásicos},
	Publisher = {ABNT - Associação Brasileira de Normas Técnicas},
	Year = 2013
}

@misc{Nascimento,
	Author = {C S C Nascimento},
	Title = {Proposta para Implementação de Microcentrais de Geração a Gás com Utilização de Geradores de Indução},
	Publisher = {Dissertação de Mestrado, Programa de Pós-Graduação em Engenharia Elétrica, Universidade Federal do Rio Grande do Sul},
	Address = {Porto Alegre, RS},
	Year = 2010
}

@misc{Vanco,
	Author = {W E Vanço and EtAl.},
	Title = {Evaluation of the capacitor bank design for Self-excitation in Induction Generators},
	Publisher = {Universidade Federal de Uberlândia},
	Year = 2015
}

@misc{Neto,
	Author = {R H C Neto and J C C Campos and Á M B Tibiriçá},
	Title = {Aplicação da cfd na análise do efeito da geometria em um amortecedor térmico},
	Year = 2010
}

@misc{Cofap,
	Author = {Cofap},
	Title = {Catálogo de amortecedores e aplicações},
	Publisher = {p. 186, COFAP shock absorbers line},
	Year = 2009
}

@misc{Pariona,
	Author = {M M Pariona},
	Title = {Simulação numérica usando elementos finitos do fluxo de água dentro de uma válvula: fluxo laminar e turbulento},
	Publisher = {I. Publicatio UEPG: Ciências Exatas e da Terra, Agrárias e Engenharias, v. 9, n. 02},
	Year = 2003
}

@misc{Portaria21,
	Author = {S P Prefeitura},
	Title = {Portaria 21/2013 - DSV.GAB de 8 de março de 2013},
	Publisher = {Prefeitura de São Paulo, Secreataria Municipal de Transporte},
	Year = 2013
}

@book{michalski_machine_1998,
	address = {Chichester},
	edition = {Reprint},
	title = {Machine learning and data mining: methods and applications},
	isbn = {978-0-471-97199-3},
	shorttitle = {Machine learning and data mining},
	language = {eng},
	publisher = {Wiley},
	editor = {Michalski, Ryszard S. and Bratko, Ivan and Kubat, Miroslav},
	year = {1998},
	keywords = {Data Mining, Lernendes System, Machine learning, Maschinelles Lernen},
	annote = {Literaturangaben}
}

@book{rezende_sistemas_2003,
	address = {Barueri, SP},
	edition = {1. ed},
	title = {Sistemas inteligentes: fundamentos e aplicações},
	isbn = {978-85-204-1683-9},
	shorttitle = {Sistemas inteligentes},
	language = {por},
	publisher = {Ed. Manole},
	editor = {Rezende, Solange Oliveira},
	year = {2003},
	keywords = {Lernendes System},
	annote = {Literaturverz. S. [481] - 513}
}


@book{russell_inteligencia_2013,
	title = {{INTELIGÊNCIA} {ARTIFICIAL}, 3E},
	isbn = {978-85-352-3701-6},
	abstract = {Número um no seu campo, este livro oferece a mais abrangente introdução à teoria e prática da inteligência artificial, sendo adotado por mais de 600 universidades de 60 países. Nos últimos cinquenta anos de pesquisas sobre IA e nos dois últimos milênios de trabalhos relacionados a esse tema, muitas ideias surgiram e a maneira como se pensa esta área está em constante evolução.

Nesta tradução da terceira edição, foram consideradas as mais importantes aplicações de tecnologia de IA e seus marcos algoritmos, como a solução do jogo de damas, colocando a obra num patamar teórico bastante consistente.
Inteligência Artificial destina-se, principalmente, ao uso em cursos de graduação ou de extensão. Também pode ser usado em cursos de pós-graduação ou para quaisquer estudantes que tenham familiaridade com os conceitos básicos de ciência da computação.},
	author = {Russell, Stuart and Norvig, Peter},
	year = {2013}
}
